4412 5226
534 643 710 712 Merisma
737 643 778 710 P.

488 793 493 802 '
538 774 711 844 Clavaria
737 773 778 841 P.

531 905 702 1000 Typhula
726 907 789 974 Fr.

487 1087 489 1092 .
531 1037 726 1106 Halotium
752 1037 795 1104 P.

532 1168 777 1258 Geoglossum
804 1167 846 1234 P.
949 1197 960 1222 ο

533 1299 766 1392 Spathularia
791 1299 834 1366 P.
874 1277 876 1282 Ι

529 1431 684 1499 Mitrula
709 1429 771 1499 Fr.

531 1563 664 1632 Leotia
689 1561 732 1628 P.

531 1693 689 1762 Rhizina
714 1691 778 1760 Fr.

534 1825 710 1897 Helvella
737 1823 779 1892 P.

535 1956 741 2025 Morchella
768 1955 810 2022 P.

537 2087 764 2178 Cladoporus
792 2085 834 2153 P.
862 2086 929 2154 Ch.
956 2083 1002 2153 N.
1030 2087 1076 2154 ab
1101 2086 1146 2154 E.
1174 2087 1214 2154 F.
1244 2087 1324 2156 226.

535 2217 730 2286 Hericium
757 2218 799 2286 P.
827 2217 895 2286 Ch.
923 2215 969 2284 N.
996 2217 1043 2285 ab
1070 2217 1116 2288 E.
1143 2217 1185 2287 F.
1214 2225 1297 2308 249.

534 2349 729 2441 Gomphus
756 2349 799 2416 P.
828 2349 896 2416 Ch.

338 2481 442 2549 Inter
462 2479 527 2548 hos
557 2479 773 2548 Merisma
810 2490 846 2546 et
873 2477 1121 2547 Clavariae
1147 2477 1471 2567 botryto‘ideae
1496 2477 1625 2546 habitu
1650 2497 1832 2545 ramoso

238 2613 530 2703 distinguuntur,
560 2612 809 2682 Clavariae
835 2609 1068 2700 simplices
1095 2619 1133 2676 et
1159 2607 1421 2698 Geoglossa
1453 2609 1600 2700 Fungos
1626 2632 1729 2678 mere
1757 2609 1832 2676 cla-

239 2757 343 2819 vatos
377 2743 562 2813 exhibent.
633 2743 677 2810 In
712 2741 1016 2835 Spathularia
1050 2741 1154 2812 clava
1190 2765 1400 2833 compressa
1433 2752 1470 2810 et
1506 2741 1658 2810 dilatata
1693 2743 1829 2828 evadit,

240 2899 333 2969 quae
358 2877 398 2942 in
423 2874 569 2964 Fungis
593 2874 780 2962 mitratis,
819 2897 850 2941 a.
877 2897 909 2963 g.
938 2872 1112 2944 Helvella
1138 2885 1175 2942 et
1200 2873 1283 2964 rel„
1320 2875 1359 2942 in
1384 2877 1637 2946 membranam
1661 2875 1834 2968 plicatam

238 3007 365 3076 basia
390 3007 513 3098 stipite
541 3005 698 3075 solutam
725 3017 762 3074 et
787 3006 1077 3074 mitraesormem
1107 3005 1301 3077 evolvitur.

339 3139 635 3230 Cladoporus
662 3150 700 3206 et
725 3135 970 3205 Hericium
995 3159 1131 3227 genera
1163 3149 1249 3205 sunt
1274 3139 1377 3230 quasi
1401 3138 1559 3232 hybrida
1583 3141 1691 3212 huius
1718 3144 1827 3232 rami,

239 3273 332 3342 illud
357 3272 496 3340 scilicet
531 3271 750 3338 Boletum
783 3267 1068 3340 clavaeforruem
1101 3281 1138 3339 et
1169 3293 1374 3359 ramosum,
1403 3309 1452 3320 —-
1475 3273 1546 3340 hoc
1580 3295 1671 3344 vero
1698 3273 1829 3368 Hyd-

239 3426 345 3472 num
371 3401 616 3475 clavaeforme
643 3385 691 3472 et'
704 3426 813 3495 saepe
838 3425 1027 3474 ramosum
1052 3401 1179 3471 refert.
1241 3402 1477 3496 Gomphus
1517 3417 1573 3474 est
1603 3404 1831 3476 Marulius

203 3535 206 3540 ’
241 3537 508 3608 clavaeformis.

338 3667 425 3737 Hoc
449 3667 580 3756 modo,
617 3667 706 3736 dum
739 3689 824 3760 pars
858 3670 1028 3760 superior
1059 3666 1204 3756 clavae,
1248 3669 1383 3738 sensim
1419 3671 1625 3764 sensimque
1659 3693 1681 3736 a
1706 3669 1828 3762 stipite
1892 3681 1894 3688 ’

240 3812 432 3894 separata,
458 3803 573 3892 magis
599 3798 837 3890 efformem,
865 3801 991 3892 Fungi
1012 3801 1147 3896 pileati
1174 3801 1353 3870 oriuntur.

535 3931 787 4030 Asterophura
812 3931 941 4001 Dittm.

538 4061 708 4132 Amanita
734 4045 776 4130 P.

538 4195 715 4286 Agaricus
739 4193 785 4262 N.
813 4197 859 4264 ab
885 4195 931 4264 E.

538 4325 722 4419 (Russula
747 4337 784 4393 et
809 4326 992 4420 Coprinus
1017 4325 1087 4421 L.)

539 4455 815 4550 Schizophyllus
840 4457 904 4526 Fr.
943 4454 1148 4549 (Merulius
1173 4455 1245 4554 L.)
