4412 5226
1077 245 1196 352 ,16

409 537 412 546 ,
480 477 756 571 Amplissimum
776 479 1046 550 Pezizarum
1072 498 1187 573 genus
1203 484 1242 552 in
1262 484 1368 553 duas
1395 492 1626 562 sectiones
1651 497 1801 588 secedit,
1817 497 1854 592 l)
1870 502 1967 570 scili-

381 625 440 682 cet
464 615 502 680 in
528 614 719 680 Pezizas
755 613 949 683 sessiles
985 625 1021 682 et
1057 616 1316 706 stipitatas,
1344 641 1451 710 quae,
1479 627 1749 719 magnitudine,
1783 631 1906 700 sorma
1933 645 1970 703 et

381 747 615 851 consistentia
641 744 747 814 valde
772 747 917 832 variae,
951 747 990 817 in
1016 771 1062 817 eo
1089 771 1215 818 omnes
1241 755 1485 844 conveniunt,
1521 759 1642 850 quod,
1669 761 1783 830 thecis
1810 765 1971 835 maiori-

381 879 447 946 bus
492 879 610 948 6-8
655 879 771 970 sporis
813 879 962 969 repletis
1014 891 1052 948 et
1090 885 1232 976 saepius
1273 885 1535 978 paraphysibus
1578 893 1717 982 stipatis
1753 896 1966 982 instructae,

380 1009 655 1080 similitudinem
693 1010 875 1103 quandam
909 1031 992 1078 cum
1026 1011 1248 1106 floribus,
1285 1016 1497 1086 masculis
1533 1020 1662 1109 dictis,
1701 1023 1966 1096 Muscorurn

379 1137 941 1211 frondosarum'ostendunt.
1719 1118 1723 1129 ¹

476 1273 604 1342 Genus
629 1273 910 1362 Ascobolus,
938 1275 1060 1346 thecas
1080 1301 1100 1344 e
1119 1277 1312 1369 superficie
1331 1277 1507 1370 hymenii,
1534 1277 1635 1386 Agcis
1661 1285 1855 1372 protrusis,
1882 1309 1964 1380 spe-

377 1407 432 1475 cie
465 1405 628 1498 pulveris
662 1407 920 1474 humidiusculi
953 1431 1171 1498 secernens,
1210 1409 1257 1476 ob
1290 1409 1384 1477 hanc
1419 1409 1580 1481 indolem
1616 1411 1662 1478 ad
1687 1413 1821 1483 limites
1855 1415 1974 1486 huius

376 1537 540 1608 familiae
564 1539 776 1630 ponendum
803 1561 881 1608 esse
906 1539 1029 1613 credo.

473 1671 517 1737 In
552 1672 749 1740 secundo
786 1672 959 1740 ramulo
994 1673 1102 1742 huius
1139 1671 1299 1742 familiae
1333 1674 1459 1768 Fungi
1487 1676 1698 1767 parituras
1748 1693 1959 1766 occurrunt,

374 1802 522 1871 forma
555 1785 761 1894 clavata,
810 1827 889 1873 seu
922 1805 1137 1894 mitrata,
1178 1815 1221 1873 ct
1246 1805 1455 1900 hymenio
1486 1813 1583 1878 eum
1608 1809 1755 1880 thecis
1779 1811 1959 1904 liquido

373 1933 623 2005 diffluente
650 1937 873 2006 distincti.

672 2069 851 2138 Batarrea
875 2067 919 2136 P.

667 2201 947 2294 Dendromyces
973 2199 1149 2270 Libosch.
1178 2197 1257 2294 (sin
1274 2224 1315 2272 re
1332 2226 1419 2275 vera
1434 2205 1480 2274 ab
1500 2205 1740 2275 antecedente
1758 2205 1961 2298 diversus.)

666 2331 984 2426 Hymenophallus
1012 2331 1058 2400 N.
1086 2333 1133 2402 ub
1158 2331 1204 2401 E.

665 2463 818 2532 Phallas
845 2463 888 2530 P.

666 2559 838 2664 eunias
866 2595 908 2662 Ρ.

468 2729 583 2799 Pauci
608 2737 751 2798 tantum
776 2729 849 2797 hu'c
873 2730 1059 2820 pertinent
1086 2726 1229 2820 Fungi,
1265 2737 1373 2820 atque
1397 2729 1438 2798 hi
1463 2729 1612 2822 quidem
1637 2731 1744 2800 valde
1770 2753 1959 2800 memora-

367 2861 479 2950 biles,
519 2863 584 2930 sad
618 2861 810 2947 rarissimi,
840 2871 899 2947 ut,
945 2858 1157 2926 Phallum
1190 2859 1413 2950 impudicum
1448 2861 1478 2928 si
1505 2863 1684 2954 excipias,
1726 2865 1789 2955 qui
1814 2886 1954 2954 sporus,

366 2995 486 3086 prima
509 2995 699 3064 iuventute
725 2992 824 3060 haud
850 2991 968 3059 dubiis
994 2992 1110 3063 thecis
1136 2991 1305 3080 inclusas,
1333 2991 1490 3084 profert,
1519 2993 1652 3088 reliqui
1677 2994 1849 3063 ulteriori
1867 3015 1957 3064 exa—

366 3125 465 3196 mirie
488 3149 530 3193 ac
556 3124 803 3194 illustratione
826 3124 1022 3215 praecipue
1047 3121 1244 3214 indigeant.

465 3257 683 3344 Postrema,
722 3279 814 3350 quae
847 3266 983 3344 restat,
1023 3253 1181 3344 familia,
1216 3253 1504 3345 Myelomycetec
1534 3253 1581 3322 N.
1608 3255 1653 3324 ab
1679 3255 1724 3323 E.
1750 3293 1801 3308 -—
1825 3257 1957 3340 (ttae

366 3391 576 3482 imminutae,
603 3391 779 3484 Xylariae
806 3389 882 3472 L.)
907 3427 958 3440 -—
983 3389 1259 3482 complectitur,
1288 3411 1402 3480 eaque
1428 3387 1604 3456 naturalis
1630 3387 1764 3457 merito
1790 3385 1953 3458 dicenda.

367 3522 508 3613 Fungi
539 3522 873 3614 persistentes,
914 3521 1091 3612 globosi
1133 3543 1211 3589 seu
1246 3521 1452 3612 oblongi,
1497 3509 1811 3610 integumento
1850 3523 1953 3590 sub-

406 3802 440 3882 ·)
461 3796 518 3863 Cl.
541 3795 684 3878 Fries,
707 3801 742 3859 in
766 3793 884 3859 Obss.
907 3794 1011 3879 Myc.
1033 3793 1218 3862 Volumina
1239 3797 1413 3874 secundo,
1446 3795 1563 3860 Genus
1593 3793 1772 3876 Peziza‚
1807 3797 1850 3860 ad
1873 3797 1953 3858 sub·

489 3909 699 3985 divisiones,
721 3906 853 3990 pridem
875 3925 894 3967 a
917 3903 1112 3984 Persoone,
1135 3900 1293 3968 celeberr.
1315 3905 1413 3981 viro,
1436 3905 1645 3990 excogitatas
1667 3904 1871 3987 respiciente,
1896 3923 1955 3988 per

488 4013 761 4102 Subgeoera,
783 4031 871 4097 quae
893 4013 1030 4092 dicunt,
1065 4012 1130 4076 hoc
1152 4011 1256 4076 modo
1278 4012 1480 4094 dispescuit:
1514 4009 1756 4073 Burcardia
1788 4007 1955 4082 (Pezizae

487 4119 740 4187 tremelloideae
762 4120 846 4198 R),
869 4117 1042 4182 Aleuria
1066 4119 1224 4198 (Pezizae
1246 4117 1492 4186 helvelloideae
1516 4117 1599 4198 R),
1631 4117 1828 4182 Lachaea
1860 4113 1953 4202 (Pe-

486 4235 577 4294 zizae
607 4233 773 4314 strigosae
801 4223 888 4312 R),
928 4223 1086 4292 Phiala
1122 4224 1287 4314 (Pezizae
1307 4223 1447 4310 glabrae
1469 4243 1626 4292 ceraceae
1648 4222 1735 4311 R),
1767 4221 1951 4290 Dermea

487 4333 650 4424 (Pezizae
672 4339 845 4404 coriaceae
869 4333 906 4400 P.
921 4331 946 4424 ).
