4412 5226
1145 377 1201 462 18

477 598 759 694 Myelomyoetes
792 599 955 669 ramuli
980 601 1119 692 primi
1144 611 1181 670 et
1205 602 1400 670 secundi
1425 604 1464 670 in
1490 601 1562 694 dus
1601 606 1742 696 agmina
1775 609 1964 696 secedunt,

381 734 547 802 ducente
562 732 719 801 alterum
744 754 879 823 genere
905 730 1149 840 Hysterio,
1178 731 1335 800 alterum
1361 741 1488 802 sutem
1526 733 1763 826 Sphaerie.
1822 737 1967 808 Verum
2018 707 2035 732 κ

377 865 525 956 utrique
550 864 685 932 horum
710 863 748 930 id
773 865 966 956 proprium
992 885 1069 930 esse
1097 863 1263 952 videtur,
1292 866 1389 957 quod
1415 889 1436 934 a
1462 867 1677 958 corporibus
1704 869 1903 937 reclusis
1930 881 1970 939 et

383 994 503 1086 quoad
527 995 703 1064 interiora
727 993 1046 1086 imperfectis,
1075 1017 1177 1064 mere
1203 995 1464 1087 granuligeris‚
1504 999 1542 1064 in
1568 996 1833 1088 longitudinem
1860 1011 1967 1069 exte-

381 1136 561 1230 nquntur,
598 1125 704 1219 quid,
745 1125 843 1218 quod
875 1126 913 1192 in
937 1127 1087 1194 su‘m'mis
1116 1127 1313 1219 ¹utriusque
1346 1128 1456 1196 seriei
1490 1125 1841 1217 remificeutur‚
1880 1130 1969 1199 ille

383 1267 503 1326 autem
528 1257 640 1348 magis
664 1255 1052 1327 transvers'sliter
1078 1257 1117 1323 in
1142 1256 1413 1344 Solensrio,
1451 1257 1560 1326 haec
1595 1279 1684 1328 vero
1710 1233 1971 1350 perpendi-

383 1388 614 1458 culariter
638 1389 678 1455 in
704 1386 1099 1482 Themnomycete
1125 1387 1217 1456 Ehr.
1250 1389 1310 1456 Fit
1322 1389 1441 1480 iisque
1456 1387 1624 1456 Sclerotii
1637 1385 1848 1480 (Coccoplei
1861 1391 1970 1486 Ehr.)

381 1518 597 1613 imperfecte
631 1519 738 1587 radix
774 1518 894 1588 medio
933 1519 1308 1588 Schizodermate
1355 1519 1675 1610 peritheoium
1715 1519 1969 1590 fruticuli-

385 1651 536 1720 forme
581 1673 752 1743 repens
794 1651 832 1717 in
877 1649 1148 1739 Solenerio,
1200 1689 1251 1702 -
1311 1650 1432 1718 medis
1471 1662 1591 1718 sutem
1634 1651 1868 1721 Dothidea
1906 1653 1969 1722 Fr.

385 1782 553 1852 frutex
578 1781 762 1874 pulchelle
786 1781 1096 1867 trichotoms,
1133 1783 1243 1860 remis
1270 1783 1370 1872 spice
1396 1781 1701 1872 sphaeruligeris,
1740 1785 1778 1850 in
1804 1783 1973 1852 Them-

294 1991 303 2008 ,
386 1927 645 2007 numycete.
695 1951 746 1966 -
794 1911 839 1980 In
882 1910 1148 1999 Dothideis‚
1210 1911 1584 1999 Cerstostornis,
1653 1913 1894 2004 Sphaeriis
1934 1929 1972 1986 et

387 2047 418 2116 C
427 2045 662 2138 orynellis
688 2055 836 2137 praeter
860 2043 1061 2136 peritheciu
1096 2043 1245 2134 proprie
1270 2053 1447 2110 stroma
1472 2043 1610 2112 accedit
1646 2045 1878 2135 explanatum
1912 2047 1972 2118 vel
2030 2123 2040 2140 ι

386 2176 731 2268 hemisphaerium,
759 2173 861 2266 'quod
885 2173 1034 2242 demum
1058 2173 1097 2240 in
1124 2171 1365 2262 Sphaeriis
1392 2173 1723 2265 periphericis
1750 2175 1972 2246 informem

387 2309 549 2382 clavae
576 2306 796 2398 elongatum,
824 2325 1005 2372 unacum
1030 2303 1156 2372 colore
1182 2303 1328 2373 laetiori
1352 2275 1537 2374 texturam
1562 2327 1678 2393 surm,
1706 2305 1863 2397 ligneum
1890 2305 1971 2378 sere

389 2453 427 2510 et
450 2441 667 2526 coriscesm,
694 2439 733 2505 in
758 2437 1074 2506 membranaceum
1090 2446 1127 2502 et
1142 2436 1182 2502 in
1198 2457 1344 2502 carnem
1363 2437 1544 2525 quandam
1562 2438 1686 2506 vertit.
1721 2437 1825 2506 Haec
1851 2441 1973 2508 omniu

389 2581 534 2640 maturo
558 2581 727 2660 tempore
752 2565 913 2656 regulari
940 2563 1049 2630 modo
1076 2561 1268 2630 dehiscunt
1292 2573 1329 2630 et
1352 2563 1474 2632 thecas
1500 2545 1685 2634 annulatos
1708 2564 1796 2658 (s·5
1813 2569 1974 2657 granulis

388 2698 563 2793 refertas)
589 2699 725 2786 edunt,
753 2695 894 2763 uscidiis
920 2690 984 2785 (N.
1004 2693 1049 2761 ab
1069 2689 1132 2784 Ε.)
1159 2693 1314 2760 mucosis
1339 2693 1532 2764 involutus.

489 2831 572 2901 Huc
596 2827 719 2898 indole
746 2825 994 2916 Nemosporis
1019 2822 1192 2890 rumuli
1216 2823 1359 2892 tertii
1393 2823 1590 2910 accedunt,
1630 2847 1721 2917 quae
1755 2850 1775 2894 e
1805 2839 1974 2918 recepte-

390 2963 480 3032 culis
506 2961 627 3054 parvis
653 2957 833 3026 immersis
858 2975 966 3046 saepe
993 2953 1163 3022 obsoletis
1189 2953 1355 3046 globulos
1381 2954 1441 3026 vel
1466 2951 1627 3042 cirrhos,
1655 2954 1754 3026 haud
1778 2979 1863 3025 roro
1891 2981 1973 3026 nm-

387 3119 506 3188 gnos,
541 3093 760 3184 geletinosos
783 3087 1035 3179 granuligeros
1059 3107 1126 3177 per
1152 3084 1337 3178 quoddam
1360 3095 1504 3178 tempus
1528 3088 1763 3180 persistentes
1781 3049 1971 3158 ‘emittunt

394 3223 515 3296 Huius
541 3223 628 3292 loci:

559 3361 567 3384 '
689 3349 962 3444 Sphaeroneme
986 3347 1049 3420 Fr.

689 3480 911 3576 (Sphaeriue
936 3478 1156 3548 medullares
1182 3479 1298 3548 nobis.
1326 3479 1530 3572 Cytospora
1562 3475 1676 3570 Ehr.)

688 3609 915 3704 Nemsspore
940 3611 983 3682 Ρ.
1031 3693 1043 3724 ι

518 3855 980 3942 tessCl.Ehreubergio
1002 3851 1141 3932 relatae,
1164 3869 1271 3936 usque
1289 3849 1382 3914 edeo'
1393 3846 1519 3912 similes
1540 3856 1621 3910 suut
1638 3843 1974 3932 Rhizomorphis

518 3961 710 4048 plerisque,
744 3973 783 4026 ut
803 3959 904 4024 liceat
924 3977 1108 4044 quaerere,
1139 3976 1228 4056 entre
1259 3963 1370 4018 totum
1402 3950 1833 4036 Rhizomorpbarum
1865 3971 1976 4036 genus

519 4069 580 4148 (oi
601 4065 715 4134 locum
737 4071 826 4131 inter
846 4064 1010 4129 Lichenes
1033 4061 1179 4147 sinplius
1201 4081 1335 4126 servare
1357 4057 1503 4145 possit‚)
1525 4057 1840 4144 Sphaerisruru
1861 4061 1977 4141 potius

518 4173 685 4254 torrilias,
707 4194 810 4258 quam
831 4169 1088 4253 Inomycetibus
1108 4171 1307 4232 terestribus
1328 4167 1589 4230 adscribendum
1611 4169 1664 4230 sit.
1716 4163 1815 4244 Quas
1837 4173 1975 4232 senteu-

402 4281 433 4314 ““
505 4277 741 4348 ‘summetur
758 4281 864 4342 etiam
884 4285 1052 4340 structura
1073 4271 1221 4352 intutus,
1242 4291 1344 4356 quem
1366 4273 1403 4332 io
1425 4268 1677 4354 Rhizomorplts
1699 4266 1882 4352 globosum
1903 4289 1974 4334 ses·

519 4381 617 4448 silem
638 4403 791 4470 potoque
812 4379 1055 4469 Sphaerisrum
1075 4396 1170 4444 more
1192 4388 1367 4462 pertusum
1389 4379 1587 4444 observavit
1607 4385 1640 4438 et
1661 4376 1769 4460 pinxit
1790 4372 1841 4438 ct.
1856 4373 1976 4444 'Acba-

519 4495 590 4556 rius
623 4495 659 4554 in
686 4491 806 4555 Actis
836 4487 1167 4554 Holmieusibus
1200 4485 1289 4560 1814.
1311 4481 1354 4547 Τ.
1376 4501 1404 4564 q.
1426 4481 1483 4560 B.‚
1518 4483 1673 4564 idemque
1703 4480 1974 4550 iuBicheuo·

521 4597 705 4684 graphia
727 4593 989 4664 universali.
