4402 5224
1157 354 1215 436 12

386 582 506 652 lucida
540 575 724 648 difficilius
759 575 949 646 observari
985 587 1128 669 queant.
1205 577 1426 668 Fungorum
1460 575 1725 666 (monimen)
1760 583 1981 674 amplissima

385 713 576 782 familia
601 713 761 804 primum
786 721 930 778 ramum
956 719 1132 800 occupat,
1171 709 1375 778 materia
1400 709 1503 801 plus
1529 712 1676 778 minus
1704 735 1908 784 carnosa
1932 735 1981 792 et

388 846 547 913 thecis
589 845 637 910 in
680 839 959 934 quibusdam
995 837 1442 932 imperfectioribus
1480 843 1768 913 intrinsecus
1812 869 1980 916 reeen-

389 977 525 1062 ditis,
564 976 611 1042 iu
635 973 1019 1066 perfectioribus
1045 974 1218 1042 demum
1245 973 1301 1040 ad
1330 972 1638 1067 superficiem
1671 977 1979 1066 singularium

385 1110 614 1202 partium,
655 1129 763 1200 quas
800 1105 1019 1196 generali
1051 1105 1198 1174 titulo
1233 1105 1505 1198 hymenium
1542 1129 1788 1195 vocamus,
1827 1133 1980 1178 emer-

386 1241 601 1331 gentibus
628 1239 856 1307 distineta.
909 1237 1118 1306 Secundum
1143 1237 1307 1330 hyrnenii
1332 1237 1517 1328 indolem,
1546 1239 1669 1308 thecas
1694 1239 1755 1310 vel
1779 1262 1980 1311 secernen-

384 1373 452 1460 tis,
481 1370 540 1440 vel
566 1393 638 1437 una
663 1393 746 1438 cum
770 1369 885 1437 thecis
912 1366 1133 1454 diffluentis,
1162 1368 1253 1438 duae
1279 1367 1340 1438 hic
1365 1369 1470 1438 nobis
1497 1371 1669 1438 oriuntur
1693 1373 1884 1440 sectiones.
1914 1359 1928 1378 ’

487 1501 609 1590 Quale
635 1501 832 1594 Xyloma
857 1503 895 1569 in
920 1501 1015 1570 serie
1040 1500 1180 1592 priori,
1218 1499 1293 1570 tale
1328 1499 1607 1570 Sclerotium
1642 1501 1876 1581 insecundo
1911 1504 1980 1576 hac

387 1625 493 1704 serie.
544 1631 665 1701 Massa
689 1631 797 1700 huius
823 1633 975 1724 globosa
1001 1632 1062 1706 vel
1086 1629 1289 1720 difformis,
1319 1643 1423 1701 extus
1448 1632 1582 1702 coloris
1609 1634 1854 1722 obscurioris,
1883 1635 1980 1704 intus

388 1764 550 1837 obsoleto
576 1765 797 1854 vesiculosa,
825 1789 966 1858 aspera.

489 1895 594 1968 Aliae
621 1898 757 1990 species
783 1909 868 1966 sunt
906 1897 1185 1991 epiphytae,
1223 1899 1320 1968 inter
1347 1921 1436 1992 quas
1470 1899 1691 1986 nonnullae,
1727 1921 1819 1991 quae
1845 1900 1979 1968 merito

389 2033 581 2122 proprium
629 2031 856 2098 constituunt
896 2051 1032 2118 genus,
1084 2025 1324 2122 (Erysibe
1360 2029 1658 2124 nuncupatum),
1710 2029 1981 2122 hypostromate

388 2163 546 2230 floccoso
582 2184 717 2230 nexum
752 2162 932 2254 quendam
968 2183 1052 2228 cum
1083 2161 1379 2230 antecedentibus
1404 2163 1633 2250 moliuntur,
1673 2143 1980 2254 (Auctoritatem,

390 2293 447 2360 Cl.
460 2291 679 2384 Sprengelii‚
693 2287 801 2382 (neue
811 2289 943 2386 Eutd.)
962 2293 1076 2361 secuti
1093 2292 1165 2360 huc
1177 2293 1286 2360 etiam
1305 2293 1484 2362 trahimus
1494 2316 1606 2384 genus
1619 2291 1724 2364 Aste
1735 2317 1831 2362 rom
1841 2318 1863 2360 a
1875 2293 1983 2388 Dec.)

392 2425 473 2514 vel,
502 2423 627 2520 quales
653 2425 797 2514 generis
823 2425 1079 2513 Coccoplei
1106 2425 1197 2490 Ehr.
1224 2427 1383 2514 species,
1421 2451 1468 2492 ex
1492 2425 1611 2513 fungis
1638 2437 1676 2492 et
1699 2427 1824 2494 herbis
1849 2449 1983 2494 succu-

388 2557 496 2626 lentis
523 2555 725 2642 oriundae,
763 2553 901 2622 semina
935 2575 1051 2644 parva
1088 2553 1307 2644 irregularia
1331 2553 1500 2622 referunt
1525 2554 1737 2647 cellulisque
1764 2557 1875 2648 tnagis
1902 2557 1982 2624 dis-

389 2689 499 2756 cretis
526 2699 563 2756 et
588 2687 815 2774 rotundatis,
850 2685 964 2758 veluti
990 2685 1132 2778 sporis,
1167 2697 1266 2754 totae
1292 2697 1447 2776 quantae
1474 2696 1703 2774 exstructae,
1748 2711 1815 2778 ope
1842 2689 1983 2756 micro-

386 2821 501 2910 seopii
527 2829 740 2888 cernuntur.
819 2815 942 2885 Huius
966 2815 1038 2884 loci
1073 2815 1353 2886 Sclerotium
1391 2819 1550 2888 Semen
1577 2818 1620 2886 P.
1656 2829 1694 2886 et
1722 2818 1801 2887 alia.
1877 2817 1982 2890 Aliae

390 2952 528 3044 species
546 2953 806 3020 subterraneae
827 2959 913 3016 sunt
940 2959 978 3016 et
1002 2947 1275 3018 Tuberibus
1301 2973 1368 3044 per
1392 2951 1697 3042 Endogonem
1718 2949 1762 3018 L.
1789 2949 1979 3038 accedunt,

391 3083 429 3150 in
457 3083 588 3172 quibus
619 3093 767 3151 textura
792 3082 906 3170 magis
932 3081 1100 3168 evoluta,
1138 3081 1311 3149 cellulosa
1346 3095 1383 3150 et
1408 3105 1544 3152 venosa
1578 3081 1708 3152 euadit.
1760 3079 1884 3150 Huius
1910 3081 1981 3148 loci

393 3213 718 3306 Tltanatophytum
752 3211 799 3282 N.
825 3213 870 3282 ab
896 3211 940 3280 E.
978 3175 1285 3306 (thizoelomum
1323 3212 1440 3306 Dec.)
1494 3212 1599 3283 Aliae
1633 3212 1791 3305 denique
1828 3209 1981 3304 (Genus

392 3345 650 3438 Xyloglossum
662 3341 706 3412 P.
721 3343 804 3432 Cb,
832 3341 1020 3436 (Clavaria
1044 3345 1244 3416 herbarum
1272 3357 1309 3414 et
1334 3341 1718 3436 scleratioidesDec.),
1747 3343 1869 3414 clavae
1897 3345 1981 3414 for-

390 3501 487 3548 mam
524 3476 732 3563 induentia,
773 3475 818 3544 ad
857 3475 1044 3546 Cluverius
1083 3479 1181 3548 riam
1215 3479 1396 3570 aperiunt.
1473 3479 1515 3547 lu
1561 3499 1695 3568 genere
1740 3477 1981 3570 polymorpho

394 3607 640 3680 'fremella
666 3609 763 3678 intra
788 3611 1026 3679 substantiam
1053 3611 1133 3702 plus
1159 3612 1278 3679 minus
1305 3609 1542 3700 gelatinosam
1577 3632 1707 3702 sporae
1743 3611 1980 3700 reperiuntur

390 3747 578 3844 tlteearum
601 3755 784 3836 expertes,
806 3753 860 3832 ut,
880 3743 908 3810 si
931 3743 1094 3812 habitum
1114 3743 1221 3836 plana
1235 3741 1419 3834 negligere
1438 3744 1491 3812 fas
1513 3753 1620 3828 esset,
1643 3765 1756 3832 genus
1773 3741 1868 3808 istud
1884 3738 1981 3810 forte

393 3877 527 3944 rectius
553 3877 600 3944 ad
627 3877 903 3968 Coniomyeetes
932 3875 1098 3944 suffultos
1125 3875 1342 3946 referretur.
1393 3873 1497 3946 Aliae
1522 3877 1674 3966 speeies,
1703 3875 1918 3978 explanatae
1945 3883 1983 3940 et

392 4007 599 4098 depressae,
628 4007 865 4102 Gyrariae
892 4007 1119 4096 salutantur,
1147 4009 1254 4078 lartius
1280 4008 1351 4076 loei
1380 4006 1709 4099 Eneepltaliurn
1735 4007 1781 4076 L.
1808 4005 1982 4099 (Narma-

390 4137 570 4234 teliaFr.)
596 4153 632 4210 et
656 4139 954 4210 auricularia
979 4141 1047 4228 L.;
1075 4142 1181 4226 aliae,
1211 4151 1369 4228 erectae,
1398 4143 1644 4226 subramosae‚
1671 4139 1983 4230 Aerosperma

393 4294 459 4339 seu
486 4271 671 4365 Coryna
697 4275 871 4362 audiunt3
898 4273 1055 4364 denique
1080 4275 1118 4341 in
1145 4273 1334 4342 'l'remella
1360 4275 1520 4367 stipitata
1540 4271 1663 4340 Boscii
1689 4273 1820 4340 mitrae
1844 4269 1982 4361 species

390 4405 491 4496 apice
519 4417 682 4498 apparet.
734 4403 838 4474 Haec
867 4403 1046 4490 liungos
1072 4405 1233 4476 aereos
1259 4429 1341 4474 curn
1359 4405 1493 4496 Fungis
1521 4405 1755 4498 sequentibus
1782 4401 1978 4472 clavatis

392 4538 596 4624 connectit,
625 4535 858 4629 quiquidem
885 4559 967 4606 cum
995 4535 1128 4628 tangis
1154 4538 1357 4606 mitratis
1383 4537 1594 4606 confluunt:
