4412 5226
1020 335 1076 421 15

347 561 673 659 Sohizophylli
718 559 781 630 Fr.
832 557 988 628 lamellis
1031 541 1235 653 bipartitis,
1295 572 1332 630 et
1373 560 1640 630 Daedalsas
1677 559 1840 652 hymenii

245 702 401 776 lamellis
427 697 649 770 retioulatim
675 695 772 764 inter
796 716 835 763 se
861 693 1007 782 iunctis,
1035 686 1236 770 medium
1262 703 1441 788 occupant
1471 692 1594 762 locum
1620 693 1718 762 inter
1739 691 1839 784 Aga·

247 839 342 906 ricos
368 845 406 904 et
430 832 603 920 Boletos,
640 839 677 898 et
701 827 1010 920 Systostrema
1045 827 1214 896 dentibus
1246 825 1533 920 compressis
1571 824 1741 932 laceris
1761 837 1838 894 ‘ue-

248 991 336 1038 xum
373 973 554 1036 monstrat
588 983 671 1029 oum
703 957 902 1050 Hydnis.
959 957 1004 1026 In
1036 957 1242 1028 Merulio
1280 980 1413 1048 genero
1439 956 1653 1049 hymenium
1678 955 1838 1047 plicato-

247 1120 421 1190 rugosum
457 1093 629 1185 idemque
663 1089 885 1177 tuberculis,
935 1091 974 1182 in
1008 1090 1302 1160 Porotheleo
1333 1090 1397 1159 Fr.
1435 1087 1679 1176 umbilicatis,
1715 1126 1766 1139 —-
1801 1089 1840 1158 in

249 1225 548 1317 Thelephora
573 1222 738 1314 integris,
767 1222 926 1290 obsitum
951 1223 1148 1314 reperitur.
1185 1220 1230 1290 In
1255 1220 1422 1290 omuibus
1447 1219 1504 1286 his
1529 1217 1672 1288 formae
1698 1218 1840 1313 perseo-

247 1359 362 1427 tiores
387 1355 571 1448 stipitatae
606 1362 692 1422 sunt
717 1361 755 1422 et
778 1350 876 1444 pileo
902 1351 984 1443 plus
1009 1352 1130 1420 minus
1153 1319 1375 1443 regulariter
1401 1351 1594 1422 efformato
1627 1353 1841 1436 instructae,

247 1488 307 1562 vel
342 1485 663 1579 campanulato
700 1483 760 1556 vel
797 1481 1174 1574 hemisphaerioo
1209 1483 1270 1554 val
1303 1485 1488 1554 avertice
1522 1485 1562 1552 in
1587 1482 1747 1552 formam
1773 1483 1842 1549 in-

247 1619 489 1690 fundibali
514 1619 710 1711 depresso,
737 1616 802 1685 sed
825 1614 1016 1708 paullatim
1041 1616 1174 1709 stipes,
1202 1638 1223 1684 e
1249 1626 1378 1690 centro
1402 1627 1546 1704 motus,
1583 1615 1692 1708 plano
1717 1615 1843 1706 dispa-

250 1764 328 1840 ret,
355 1751 454 1820 unde
481 1749 609 1840 Fungi
636 1749 806 1818 oriuntur
831 1747 1026 1841 exploranti
1039 1799 1049 1836 ,
1089 1749 1216 1840 quiin
1241 1748 1575 1841 Thelephoris,
1613 1747 1844 1816 Porothe-

248 1882 338 1952 leis
361 1881 398 1978 ⁴¹)
433 1859 473 1952 et
505 1881 686 1952 Stereis
723 1880 788 1950 Fr.
822 1881 862 1948 in
894 1882 1125 1951 membranas
1159 1891 1287 1950 tenues
1314 1878 1502 1948 difformes
1529 1891 1698 1972 repentes
1723 1879 1844 1951 laeves

250 2015 418 2104 margine
443 2013 590 2104 byssino
630 2014 826 2081 instructas
861 2013 1020 2110 abeunt,
1057 2013 1251 2106 inquibus
1287 2013 1453 2082 thecae
1490 2013 1843 2098 desiderantur,
1945 2033 1955 2058 0

248 2157 292 2214 ut
316 2144 451 2214 morito
476 2143 637 2212 aliorum
661 2143 877 2234 Fungorum
902 2145 1109 2237 primordia
1132 2139 1339 2215 habeantur
1362 2167 1430 2213 neo
1455 2143 1613 2213 multum
1636 2145 1772 2214 distent
1796 2145 1844 2212 ab

251 2273 569 2345 Auriculariis
604 2299 625 2344 e
660 2275 934 2346 Tremellarum
969 2277 1101 2369 stirpe,
1145 2300 1265 2370 neque
1310 2279 1423 2368 magis
1476 2279 1522 2346 ab
1570 2276 1843 2370 Hypochno,

251 2405 452 2496 Byssorum
489 2405 579 2474 cive.
637 2405 950 2474 Mesouterica
987 2407 1095 2477 Tode
1130 2410 1230 2481 venis
1255 2410 1465 2501 gelatinosis
1491 2411 1669 2498 ramosis,
1706 2407 1847 2502 Bysso-

250 2557 333 2604 rum
359 2556 486 2624 more,
514 2557 588 2602 non
614 2534 693 2604 sine
719 2533 920 2604 floccorum
946 2547 1123 2606 contextu
1147 2560 1215 2630 per
1239 2538 1341 2631 ligna
1367 2541 1515 2631 putrida
1539 2541 1664 2633 serpit.

354 2664 440 2734 Hoc
466 2665 577 2732 modo
603 2657 901 2755 S'clerotium,
936 2667 974 2733 in
999 2665 1165 2758 Agaricis
1190 2669 1359 2766 stipitatis
1389 2671 1437 2740 ad
1461 2695 1644 2742 summum
1669 2668 1848 2741 efforma-

199 2889 206 2895 Ι
250 2797 359 2866 tionis
385 2795 539 2885 gradum
565 2803 754 2884 evectum,
782 2817 909 2866 rursus
935 2797 983 2866 ad
1008 2805 1148 2867 terram
1175 2799 1404 2892 deprimitur.

351 2927 425 2994 Sed
449 2949 546 2998 nova
569 2925 695 3018 prodit
721 2926 896 2997 evolutio.
961 2927 1182 2999 Membrana
1208 2931 1469 3024 Thelephorae
1494 2935 1532 3002 in
1557 2926 1759 3026 patellas
1785 2929 1848 2998 di·-

251 3035 379 3128 versae
404 3055 548 3125 formae
574 3057 824 3145 contrahitur,
852 3081 926 3152 quo
950 3059 1077 3152 Fungi
1105 3061 1270 3152 oalyoini
1296 3063 1626 3154 (ermsdtmlmmtl
1660 3062 1844 3149 oriuntur,

251 3188 374 3258 forma
414 3187 513 3281 plus
560 3189 713 3256 minus
756 3188 972 3284 calycina
1015 3203 1061 3262 et
1093 3193 1308 3286 hymenio
1344 3197 1389 3264 in
1425 3207 1555 3289 parte
1598 3195 1847 3286 superiore

250 3321 399 3392 thecis
425 3319 703 3414 cylindriois
726 3320 837 3394 fixis
861 3325 1077 3418 praedito
1102 3327 1271 3419 insignes.

548 3451 672 3521 Stictis
699 3451 742 3521 P.

551 3581 700 3652 Solenia
724 3583 768 3652 P.

547 3713 682 3782 Peziza
705 3714 748 3783 P.

548 3844 836 3944 (Sterrebeellia
861 3845 912 3944 (l)
938 3845 1025 3946 Fr.)

548 3975 751 4048 Ascobolus
778 3977 820 4047 P.

292 4287 323 4365 *)
343 4284 455 4367 Quale
471 4286 670 4461 {tersum
689 4297 778 4360 inter
787 4291 1037 4381 Thalaphoras,
1057 4297 1125 4366 tale
1147 4241 1459 4366 Porolhelenm
1472 4299 1587 4384 prodit
1607 4301 1697 4366 inter
1711 4298 1847 4368 Boleto-
1916 4343 1922 4356 ·

378 4413 454 4460 rum
512 4399 640 4464 orias.
696 4407 703 4418 '
