4412 5226
1154 271 1291 438 a*

479 572 582 642 Inter
622 568 909 661 lnomyoetes
945 567 1178 636 discretos
1206 577 1243 636 et
1275 583 1523 642 concretos
1548 573 1672 646 brevis
1697 575 1774 644 lert
1809 573 1974 650 ramulus

381 707 645 795 Iuomycetes,¹
672 725 763 795 quos
787 699 1065 788 substratorum
1090 701 1239 770 nomine
1265 699 1473 770 salutamus.
1545 703 1680 776 Fibrae
1716 707 1870 782 lloccire
1899 661 1975 781 'de-

383 839 619 925 cumbentes,
663 833 922 926 conglutinati,
964 843 1164 901 conteximt
1196 842 1335 901 stroma
1369 857 1582 924 grumosurn
1615 837 1782 910 diversae
1814 840 1974 930 formae,
2006 881 2011 892 ·

382 993 541 1064 superne
567 968 677 1038 edens
702 965 813 1036 fibras
839 965 1065 1055 conspicuas,
1092 965 1251 1055 integras
1278 967 1317 1034 in
1343 965 1666 1058 Amphitricho
1692 971 1835 1040 Comm.
1858 983 1973 1042 nostr.

385 1103 432 1172 T.
459 1102 494 1170 6.
520 1099 563 1170 F.
595 1122 673 1188 17.‚
701 1094 1127 1170 vel⁸m0niliformes
1153 1107 1190 1164 et
1215 1119 1376 1166 ramosas
1401 1099 1441 1164 in
1465 1098 1758 1169 Antennaria
1782 1101 1829 1170 N.
1856 1106 1901 1174 ab
1928 1104 1974 1172 E.

385 1235 432 1304 Τ.
458 1229 647 1302 XXXIX.
675 1228 717 1297 F.
746 1230 839 1320 298,
867 1229 946 1320 ipso
971 1235 1146 1296 stromate
1171 1229 1209 1296 in
1236 1230 1354 1320 priori
1379 1231 1538 1299 sterili
1564 1233 1666 1323 quasi
1692 1244 1729 1302 et
1754 1257 1909 1326 saporo,
1935 1237 1976 1303 in

383 1367 451 1434 hac
472 1389 493 1434 e
513 1363 692 1432 fibrarum
711 1359 1007 1454 primordialium
1037 1359 1277 1428 dissolutione
1297 1359 1413 1428 fertili
1435 1373 1472 1430 et
1489 1363 1687 1453 theeigero.
1715 1363 1763 1432 N.
1775 1367 1821 1436 ab
1838 1365 1884 1433 E.
1905 1365 1930 1432 l.
1943 1389 1975 1434 o.

485 1493 756 1586 Sarooreplzali
794 1493 942 1562 demum
977 1516 1160 1584 summum
1205 1494 1243 1566 in
1277 1493 1348 1562 hoc
1386 1493 1515 1562 ordine
1562 1494 1782 1566 evolationis
1823 1495 1977 1588 gradum

386 1631 592 1724 attingunt,
621 1651 705 1696 cum
729 1627 769 1694 in

681 1757 799 1828 Stilbo
825 1755 868 1824 Ρ.
909 1767 946 1825 et

681 1888 974 1982 Dacryomycete
999 1887 1047 1956 N.
1073 1891 1120 1960 ab
1147 1891 1191 1960 Ε.

386 2039 524 2098 stroma
549 2023 971 2114 carnoso-gelatinosum
996 2023 1127 2094 eradit.

485 2155 557 2226 Sed
583 2155 699 2224 alius
726 2156 845 2224 adhuc
872 2175 1024 2222 ramus
1051 2152 1224 2223 efamilia
1252 2151 1654 2246 Hyphomycetum
1680 2156 1846 2245 assurgit,
1875 2155 1979 2226 ouius

386 2277 455 2384 ope
489 2289 529 2356 hi
565 2311 649 2356 oum
682 2287 822 2356 familia
857 2255 1031 2380 aequante
1066 2297 1346 2356 connectuntur.
1391 2285 1516 2356 Floooi
1548 2287 1776 2376 tenuissimi,
1814 2285 1979 2378 fugaces,

386 2445 494 2514 saepe
520 2419 752 2508 diffluentes,
781 2443 801 2488 e
828 2418 1046 2508 corporibus
1070 2389 1364 2511 putrescentibus
1390 2419 1504 2509 magis
1529 2418 1672 2510 aquosis
1698 2419 1906 2510 prodeunt,
1933 2419 1979 2488 iis

387 2553 682 2622 Mucedinum
714 2549 875 2638 similes,
921 2549 986 2617 sed
1012 2551 1094 2618 nisu
1118 2551 1271 2641 proprio
1304 2549 1552 2642 sporidiorum
1586 2547 1980 2620 involvendorum

387 2684 448 2758 vel
473 2681 780 2752 includendorum
805 2680 892 2747 satis
917 2679 1100 2770 distincti,
1127 2703 1217 2773 quos
1242 2681 1422 2752 Macares
1445 2678 1491 2748 N.
1505 2681 1550 2748 ab
1562 2678 1608 2748 E.
1634 2685 1816 2754 vocainus.
1866 2681 1981 2750 Tri-

389 2817 641 2887 choderma
665 2813 860 2882 transitum
885 2814 1042 2881 ostendit
1066 2813 1112 2882 ab
1147 2812 1442 2882 antecedentibus
1474 2823 1515 2878 'et
1544 2811 1584 2878 in
1616 2810 1982 2902 Nanatomycecitaa

387 2949 639 3042 ossiculiseris
657 2947 818 3040 primum
838 2945 1000 3038 sporidia
1020 2947 1170 3036 propria
1191 2946 1404 3014 membrana
1425 2943 1564 3012 inclusa
1589 2945 1844 3032 observantur,
1871 2967 1980 3035 saepe

387 3083 612 3170 tenerrima,
640 3081 692 3150 ita
716 3091 912 3148 uteorum
940 3076 1097 3170 capitula
1133 3076 1172 3144 in
1198 3075 1532 3168 Hydrophoria
1569 3099 1685 3165 aquae
1710 3075 1875 3167 guttulae
1904 3097 1979 3144 rna·

389 3216 487 3284 xime
512 3213 645 3283 similia
671 3221 882 3306 appareant.

489 3343 710 3432 Huiualoci

686 3473 986 3572 Aspergillus
1024 3473 1071 3544 l..

690 3609 930 3704 Syaygitas
955 3608 1050 3677 Ehr.
1138 3584 1142 3596 ⁵

588 3755 592 3763 '
692 3739 957 3812 Thamnidium
980 3739 1026 3808 L.

689 3873 943 3967 Hydrophora
966 3871 1011 3940 P.

691 4007 825 4078 Mucor
849 4005 894 4074 P.
1028 3987 1030 3992 ⁵

691 4137 907 4232 Ascophora
932 4135 1050 4206 Todo.

693 4271 977 4366 Didymocrater
1003 4265 1057 4338 M.

694 4404 883 4506 russata
908 4401 953 4474 r.
