4402 5224
229 1363 500 1467 Iucundissima
536 1411 622 1458 sane
665 1385 850 1456 dilectatio
884 1383 986 1456 Viris
1021 1385 1207 1456 botanices
1247 1383 1449 1456 cultoribus
1484 1394 1658 1478 paratur,
1697 1385 1820 1454 animo

229 1522 585 1618 contemplantibus,
648 1519 955 1614 quemadmodum
980 1519 1179 1590 'industria
1215 1529 1367 1588 naturae
1404 1529 1649 1588 scrutatorum
1686 1539 1822 1588 recen-

227 1659 368 1726 tiorum
393 1651 530 1724 factum
555 1665 632 1742 est,
673 1664 715 1720 ut
749 1651 846 1721 sola
871 1651 1053 1721 familia
1083 1652 1341 1746 plantarum
1377 1651 1823 1745 cryptogamiearum

230 1788 367 1856 nostris
400 1785 628 1878 temporibus
670 1784 849 1853 maiorem
892 1785 1078 1854 contineat
1109 1787 1250 1878 copiam
1285 1785 1515 1877 specierum,
1550 1805 1660 1875 quam
1699 1781 1825 1852 medio

232 1941 324 1990 acro
347 1917 493 2010 plantae
519 1917 558 1984 in
583 1917 797 1988 universum
827 1915 1156 2006 distinguebantur.
1207 1917 1294 2005 Quo
1316 1917 1428 2007 magis
1445 1924 1564 1984 autem
1594 1915 1823 1984 exercitus

231 2047 462 2142 plantarum,
497 2059 540 2118 ut
563 2049 818 2117 Linncauis
852 2047 975 2118 verbis
999 2016 1105 2136 utar,
1139 2048 1256 2117 indies
1283 2049 1437 2136 crescit,
1474 2057 1689 2138 conspectus
1714 2068 1823 2138 gene-

232 2181 328 2252 rales
354 2181 583 2254 diversarum
608 2179 829 2248 familiarum
855 2181 1013 2250 maxime
1039 2181 1232 2250 necessarii
1258 2179 1429 2252 videntur
1437 2230 1448 2268 ,
1488 2203 1534 2248 ne
1560 2181 1723 2266 tirones,
1749 2178 1826 2246 im-

233 2333 359 2380 mensa
383 2313 617 2384 multitudine
641 2311 852 2404 perterriti,
891 2335 912 2378 a
936 2311 1056 2380 studio
1089 2311 1298 2404 plantarum
1325 2313 1397 2382 alio
1424 2311 1643 2401 deflectant,
1680 2311 1745 2379 aad
1770 2310 1826 2378 uti

232 2445 371 2536 potius,
398 2467 481 2511 cum
507 2445 716 2512 universam
741 2441 916 2510 familiam
942 2443 1049 2513 brevi
1071 2455 1240 2532 tempore
1264 2469 1287 2508 a
1303 2469 1342 2512 sa
1368 2443 1538 2533 amplecti
1558 2465 1665 2534 posse
1690 2465 1826 2532 cogno-

235 2575 390 2661 cissent,
419 2575 522 2666 operi
548 2595 676 2641 manus
702 2583 741 2640 et
766 2572 926 2640 animum
953 2582 1102 2640 strenue
1129 2573 1358 2644 admoveant.
1411 2571 1493 2644 Hac
1519 2573 1698 2641 sententia
1723 2597 1828 2642 con-

235 2715 440 2798 spectum
467 2703 684 2796 quendam
709 2703 972 2796 plantarum
992 2701 1407 2796 Mycetoidearum,
1434 2702 1646 2774 informem
1664 2703 1827 2774 Radicia

236 2835 659 2927 circumscriptum,
711 2834 757 2902 ad
790 2833 999 2927 exemplum
1034 2835 1157 2929 stirpis
1191 2835 1290 2904 illius
1331 2837 1497 2928 egregiae
1534 2835 1760 2934 Salicum,
1807 2861 1829 2904 a

238 2967 294 3036 el.
322 2967 497 3058 Seringio
524 2965 642 3035 editae
654 3015 665 3054 ,
692 2967 835 3058 suscepi
860 2965 1146 3056 elaborandum,
1173 2991 1241 3038 nec
1266 2967 1375 3064 plane
1402 2967 1535 3038 ludicri
1561 2969 1649 3062 quid
1674 2969 1829 3043 naurire

237 3121 298 3168 me
333 3099 372 3167 in
406 3098 477 3168 hoc
512 3097 642 3200 fecisse
677 3098 868 3188 existimo,
907 3097 994 3168 licet
1024 3099 1233 3190 longissime
1268 3123 1289 3168 a
1326 3123 1387 3170 me
1422 3099 1516 3170 absit
1552 3103 1591 3169 in
1617 3101 1826 3172 robustam
1877 3139 1880 3146 ·

236 3231 358 3324 parvis
383 3229 561 3322 lineisque
585 3231 723 3322 paucis,
751 3230 901 3300 chartae
927 3232 1133 3323 inscriptis,
1161 3253 1255 3301 vana
1279 3233 1454 3302 scientiae
1479 3243 1673 3324 promotae
1697 3233 1826 3326 gloria.

108 3453 110 3460 Ι
239 3361 392 3430 Secutus
412 3383 492 3429 sum
515 3361 553 3428 in
574 3361 643 3430 hoc
665 3373 819 3455 systema
838 3363 1021 3434 Fratris
1044 3363 1282 3454 dilectissimi,
1306 3365 1351 3434 ab
1368 3365 1644 3436 amicoMarts'o
1663 3367 1827 3460 aliquan·

238 3503 318 3562 tum
343 3494 612 3597 immutatum.=
637 3497 774 3585 Pauca,
801 3493 1010 3588 quaemihi
1035 3495 1202 3566 adhunc
1226 3495 1337 3564 finem
1362 3497 1568 3566 necessaria
1592 3499 1826 3587 videbantur,

240 3623 317 3714 ipse
343 3623 449 3692 aliter
474 3627 658 3718 disposui,
693 3628 842 3698 inventa
868 3629 1117 3696 recentiorum
1142 3629 1180 3697 in
1205 3651 1308 3698 meos
1331 3651 1418 3698 usus
1443 3631 1609 3702 converti
1633 3641 1672 3700 et
1693 3651 1830 3720 genera

241 3759 376 3848 omnia,
388 3757 479 3826 mihi
490 3769 590 3848 nota,
603 3761 654 3828 ita
666 3759 841 3852 disposui,
854 3769 897 3830 ut
906 3760 1126 3852 perfectiora
1139 3783 1304 3854 quaeque
1316 3759 1590 3854 imperfectiora
1605 3762 1831 3854 exciperent·

339 3887 401 3958 Ex
437 3889 549 3960 humo
582 3891 720 3984 itaque,
758 3915 822 3962 seu
857 3893 1011 3962 materie
1048 3893 1268 3984 vegetabili„
1304 3915 1372 3986 per
1399 3893 1748 3985 decompositionem
1782 3917 1830 3966 ex

243 4017 432 4090 elementis
458 4021 628 4090 chemicis
654 4035 753 4112 orta,
781 4023 888 4092 radix
912 4034 1040 4094 nostra
1063 4023 1267 4115 evolvitur,
1294 4047 1415 4094 ramos
1439 4027 1653 4118 primarios,
1677 4025 1718 4094 iu
1743 4038 1844 4096 mo-'

161 4238 167 4254 „
243 4149 332 4220 dum
356 4149 485 4219 furcae
507 4151 685 4242 partitos,
711 4177 895 4246 spargens.

342 4281 397 4352 ln
441 4304 574 4352 ramo
617 4285 818 4355 sinistro
860 4309 1016 4359 omncs
1052 4289 1162 4360 illae
1207 4287 1385 4361 formae
1421 4247 1753 4382 colliguntur:
1782 4289 1828 4358 in

243 4411 409 4504 quibus
433 4415 736 4510 propagulum
761 4420 968 4512 spurium
1000 4421 1293 4512 dominatur,
1325 4459 1375 4476 -
1409 4421 1608 4492 Plantae
1645 4420 1829 4516 mcccci-

1215 4575 1231 4622 a
