4412 5226
1164 356 1194 454 6

647 617 650 625 ·
679 593 842 688 Botrytie
869 595 913 664 L.

681 703 971 819 Cindobotryum
997 723 1043 796 N.
1069 728 1115 798 ab
1142 727 1187 796 E.

682 857 945 952 Stnchylidium
970 859 1015 927 L.

679 987 928 1059 Verticillium
953 988 999 1059 N.
1026 993 1073 1061 ab
1097 992 1143 1062 E.

680 1121 916 1216 Penicillinm
941 1121 985 1191 L.

679 1253 888 1350 Dactylium
913 1255 960 1326 N.
987 1257 1033 1326 ab
1058 1256 1104 1328 E.

679 1383 862 1480 Polyactis
888 1387 934 1458 L.

484 1517 528 1585 In
553 1517 830 1610 Inomyeetibue
853 1516 1002 1613 (Byssis
1028 1518 1074 1588 N.
1102 1521 1149 1590 ab
1175 1519 1249 1616 E.)
1275 1519 1449 1590 ramuli
1474 1522 1714 1614 sequentis
1740 1519 1847 1618 ilorci
1873 1543 1972 1591 com-

383 1673 513 1742 pagem
537 1649 740 1720 firmiorem
768 1663 806 1720 et
831 1675 904 1720 una
930 1676 1015 1722 cum
1040 1651 1211 1745 sporidiis
1247 1651 1413 1722 colorem
1441 1653 1692 1740 obscuriorem
1717 1653 1910 1745 acquirunt
1935 1663 1973 1721 et

383 1791 463 1850 tum
489 1805 579 1852 vero
604 1782 762 1854 fibrae
788 1785 950 1860 audiunt.

483 1911 557 1983 Hic
595 1915 755 2006 primum
789 1917 828 1984 in
866 1899 1122 2008 Inornyretum
1151 1913 1494 2011 gy'mnorporornm
1528 1915 1712 1986 ramulo
1755 1915 1876 1984 omnia
1911 1914 1973 1982 illa

383 2069 519 2138 genera
544 2039 788 2140 colliguntur,
826 2049 956 2141 quibus
991 2049 1152 2142 sporidia
1178 2061 1330 2120 externe
1365 2049 1583 2138 adhaerent,
1618 2071 1734 2142 eoque
1758 2045 1971 2120 referuntur

381 2201 516 2276 genera
541 2181 748 2274 sequentia:
789 2177 794 2188 ’

677 2309 988 2382 Circinotrichum
1013 2309 1060 2381 Ν.
1088 2313 1133 2382 ab
1158 2311 1203 2380 E.

677 2443 948 2535 Gonytrichnm
975 2443 1117 2510 Comm.
1144 2453 1259 2512 nostr.
1292 2441 1334 2513 F.
1365 2451 1422 2527 14.
1446 2513 1455 2520 ,

677 2573 977 2664 Helicosporium
1002 2570 1049 2641 N.
1076 2574 1123 2642 ab
1148 2573 1193 2640 E.

676 2703 969 2798 Polythrinoium
995 2703 1129 2772 Knnze
1155 2701 1202 2772 T.
1233 2725 1263 2770 ι.
1290 2702 1332 2772 F.
1359 2703 1393 2770 8.

677 2836 995 2930 Campsotrichum
1021 2835 1114 2906 Ehr.

676 2969 908 3040 Chloridium
934 2967 979 3038 L.

674 3101 958 3192 Cladosporium
983 3099 1028 3168 L.

676 3232 970 3325 Helmisporinm
996 3229 1041 3300 L.

674 3364 965 3437 Antinoclediunr
990 3363 1082 3432 Ehr.

674 3495 973 3590 Helicorporium
999 3493 1045 3564 N.
1076 3496 1122 3564 ab
1148 3493 1193 3564 E.

474 3631 518 3702 In
552 3626 829 3720 Inomycetibnr
867 3627 1110 3721 angiorporir
1144 3621 1313 3692 ramuli
1349 3622 1552 3715 proximi
1588 3643 1705 3692 merea
1730 3644 1902 3713 grumosn
1925 3623 1967 3692 in

373 3763 550 3838 fibrarum
577 3761 636 3834 axi
663 3759 838 3847 occurrit,
866 3781 939 3852 quo
963 3759 1165 3853 pertinent,
1189 3765 1367 3847 tanquam
1391 3753 1507 3846 Byrei
1532 3753 1777 3848 emphytaee

672 3893 854 3963 Erineum
879 3891 924 3960 L.

672 4025 818 4128 Rubige
845 4021 890 4093 L.

671 4157 837 4250 Taphria
862 4155 925 4225 Fr.

671 4285 907 4359 Cronertium
933 4283 996 4354 Fr.

673 4419 833 4510 Fumrgo
859 4413 933 4486 R?
958 4417 989 4486 ri
1013 4415 1112 4486 inter
1136 4415 1220 4488 rive
1245 4423 1422 4485 maneret.
