4412 5226
1018 363 1171 468 1'1„¹

353 612 600 701 Geogoaterea
625 605 784 698 deniqne
809 601 980 672 ultimum
1006 621 1150 670 ramum
1175 596 1350 668 incolunt.
1395 595 1588 666 Paridium
1611 592 1692 688 plus
1718 576 1838 664 minus

246 747 396 817 firmum
420 754 458 812 et
492 737 744 811 duriusculum
778 734 923 822 evadit,
962 734 1072 802 modo
1098 735 1227 823 vario,
1266 753 1375 825 saepe
1410 729 1594 835 regulari,
1633 729 1836 802 dehiscens.

247 879 424 970 Plerique
448 874 559 944 huius
586 871 724 942 ordinis
750 871 857 940 etiam
884 866 982 936 mole
1002 867 1048 936 ab
1073 862 1368 936 antecedentibus
1386 861 1586 952 differunt,
1613 865 1726 956 magis
1747 888 1836 938 vero
1863 925 1865 930 .

247 1013 411 1101 origine,
440 1031 545 1094 cnm,
572 1004 717 1099 peridio
742 1005 817 1072 iam
842 999 1050 1088 efformata,
1078 1023 1099 1068 e
1124 999 1239 1070 humo
1263 997 1501 1091 prodeuntes,
1528 998 1647 1066 massa
1670 996 1834 1086 humida,

169 1137 174 1148 '
244 1143 284 1210 in
312 1139 526 1232 capillitiruu
550 1149 588 1210 et
611 1158 736 1230 sporas
761 1133 957 1224 soluenda,
995 1133 1197 1226 replentur.
1259 1131 1409 1201 Genera
1435 1129 1564 1198 ordine
1590 1128 1641 1196 ita
1665 1151 1704 1198 se
1731 1129 1836 1200 exci-

244 1272 367 1364 piunt:
502 1255 505 1262 ’
1904 1237 1908 1242 .

545 1398 731 1494 Onygena.
758 1397 801 1466 P.

540 1531 795 1602 Scleroderma
822 1529 864 1596 P.

539 1663 689 1736 Bovista
711 1661 756 1732 P.

540 1793 787 1889 Lycopcrdon
813 1791 858 1859 P.

540 1925 730 2018 Uperhiza
754 1925 862 1994 Bosa.

539 2057 759 2126 Tulostoma
782 2055 826 2124 P.

537 2187 782 2280 Diploderma
807 2185 852 2254 L.

540 2319 775 2388 Sterbeeclcia
799 2317 845 2387 L.
876 2367 880 2376 -

537 2447 738 2516 Geastrum
764 2447 807 2514 P.

535 2575 852 2650 Acnnodermium
879 2575 926 2644 N.
952 2576 998 2645 ab
1024 2573 1070 2644 E.

534 2708 774 2801 Mitremyces
800 2707 845 2778 N.
872 2709 919 2778 ab
945 2707 990 2776 E.

339 2843 579 2938 Onygena,
608 2842 653 2910 ad
679 2807 981 2934 Inomycetes
1007 2837 1423 2932 cephalotrichos‚
1450 2875 1501 2892 -
1526 2840 1573 2910 ad
1598 2840 1832 2916 Gastero-

238 2986 445 3069 mycetes
471 2972 671 3067 quosdam,
699 2996 735 3044 r.
761 2996 794 3064 g.
822 2972 1048 3065 Physarum‚
1075 2970 1271 3042 referenda
1283 3023 1294 3062 ,
1323 2972 1562 3065 primordiale
1588 2976 1691 3068 quasi
1715 2999 1829 3069 genus

239 3109 339 3177 hunc
364 3107 549 3176 ramulum
574 3127 622 3176 ex
646 3105 944 3176 antecedentibus
968 3106 1092 3174 intrat.

107 3335 111 3348 Ι
214 3287 217 3294 »
340 3239 464 3309 Pauca
496 3259 633 3330 genera
669 3261 694 3306 a
716 3239 868 3308 caeteris
903 3237 1009 3310 valde
1043 3237 1240 3326 recedunt,
1278 3237 1318 3306 in
1354 3237 1483 3330 quibus
1520 3261 1687 3333 sperae
1723 3265 1832 3312 con·

238 3370 463 3474 globatae
489 3369 653 3464 capillitii
676 3370 759 3439 loco
785 3370 961 3438 distinctis
986 3368 1175 3462 peridiolis
1199 3367 1456 3460 includuntur,
1484 3395 1596 3464 quos,
1623 3370 1832 3468 Angioga-

239 3513 354 3572 stares
378 3503 610 3591 nominatos,
638 3502 685 3571 ad
710 3501 844 3572 limites
869 3501 977 3572 seriei
1003 3500 1241 3570 collocamus:

483 3733 486 3738 Ι
533 3634 776 3728 Polyangium
801 3611 857 3703 L.
1313 3723 1322 3730 ἱ
1565 3685 1567 3693 ,

534 3761 788 3858 Pisocarpium
813 3765 858 3835 L.
890 3761 1098 3857 (Polypera
1122 3763 1165 3832 P.
1193 3761 1262 3831 Ch.
1289 3761 1528 3856 Polysaccum
1551 3761 1671 3858 Dec.)
1780 3853 1782 3856 Ι

536 3898 697 3990 Cynthus
723 3897 767 3967 P.
795 3894 1013 3990 (Nidularia
1038 3894 1208 3965 Holmsk.
1234 3891 1309 3988 L.)
1452 3902 1458 3914 “

405 4071 410 4080 ·
534 4027 772 4119 Epichysium
797 4027 904 4098 Tode
929 4023 998 4121 (l)

289 4156 514 4230 Adulteram
533 4160 668 4228 seriem
687 4161 781 4228 rami
789 4157 978 4250 primarii,
1002 4179 1129 4231 versus
1142 4158 1309 4230 dextram
1327 4157 1531 4256 vergentis,
1549 4179 1686 4249 genera
1700 4173 1829 4232 cuncta

236 4287 466 4379 referuntur,
486 4290 669 4383 inquibus
686 4287 818 4360 natura
835 4288 1076 4382 receptaculi,
1100 4293 1203 4363 varie
1225 4291 1390 4379 formati,
1418 4289 1466 4359 ad
1487 4289 1705 4363 ulteriorem
1730 4317 1825 4367 evo·

234 4419 415 4492 lationem
451 4423 665 4515 descendit.
702 4424 775 4512 ita,
813 4433 855 4494 ut
886 4447 1018 4518 sperae
1052 4425 1316 4498 minutissimae
1353 4424 1453 4494 intra
1485 4423 1547 4495 fila
1572 4427 1713 4498 minuta
1739 4425 1827 4520 pel·-
