4412 5226
985 399 1042 496 19

310 624 369 696 Ad
393 626 567 696 limites
593 628 869 718 superiores
896 627 1046 695 totius
1073 610 1673 717 regniThelebolum'Pode‚
1701 607 1834 695 valde'

218 759 442 848 singularem
467 757 682 849 fungillum,
712 757 954 846 collocamus,
982 759 1045 849 qui
1071 781 1091 826 e
1115 765 1289 824 stromate
1314 755 1537 823 subcarnoso
1562 755 1806 848 peritlrecium

226 890 408 957 minutum
434 890 682 981 deliquescens
709 889 818 958 eiicit.

322 1020 382 1087 Sic
407 1013 528 1110 itaque
565 1009 857 1112 s'poridium,
892 1022 931 1088 in
964 1020 1374 1112 Coniomycetibus
1411 1017 1576 1086 liberis
1614 1020 1803 1106 nudum,

223 1152 262 1217 in
288 1150 698 1242 Coniomycctibus
735 1145 947 1218 suffultis
972 1162 1109 1218 stroma
1134 1150 1450 1221 vesiculosum
1484 1151 1662 1243 acquirit,
1698 1149 1806 1242 fila·-

224 1291 478 1348 mentosum
504 1281 625 1350 evadit
650 1283 689 1348 in
716 1279 1163 1372 Hyphomycetibus,
1201 1293 1238 1350 et
1263 1303 1335 1348 una
1360 1305 1443 1353 cum
1481 1291 1699 1350 stromate
1725 1304 1805 1348 suo

225 1411 484 1478 membrana
509 1408 773 1480 includitur
798 1411 836 1478 iu
863 1410 1332 1505 Gasteromycctibus.
1392 1411 1680 1504 Receptaculum
1707 1435 1805 1480 car-

226 1563 389 1609 nosum
413 1542 592 1630 proditio
618 1542 811 1634 Fungis‚
840 1553 876 1610 et
896 1543 934 1610 in
959 1541 1376 1636 Myelomycetibus
1403 1545 1549 1612 demum
1573 1543 1809 1616 involucrum

226 1671 365 1740 accedit
388 1673 499 1762 magis
525 1671 673 1740 firmum
699 1685 736 1742 et
759 1675 977 1766 persistens,
1006 1677 1094 1766 quin
1119 1675 1157 1742 in
1183 1697 1303 1744 ramos
1330 1676 1496 1746 divisum.

321 1801 543 1872 Perdiflicile
577 1815 698 1872 autem
733 1815 804 1892 est,
845 1815 981 1873 tantam
1018 1828 1145 1874 rerum
1183 1792 1325 1896 copiam
1356 1829 1397 1874 ac
1430 1805 1677 1876 diversitatem
1710 1805 1808 1874 intra

227 1930 359 2000 limites
386 1933 607 2023 angustiores
633 1935 726 2004 bene
752 1937 946 2030 disponere
972 1947 1079 2030 atque
1106 1959 1335 2006 enumerare.

1336 2061 1361 2106 Q

743 2360 1295 2434 ADDE.NDA.

228 2657 270 2722 P.
299 2677 330 2722 a.
357 2654 440 2724 Lin.
469 2675 525 2723 aa.
573 2653 1039 2749 ,UromycisLComrnlL
1062 2659 1195 2752 Synon.
1212 2673 1267 2730 ast
1283 2587 1617 2729 CaeomurusL.
1632 2659 1807 2728 Comml.

229 2786 271 2853 P.
301 2786 333 2854 5.
360 2787 443 2854 Lin.
474 2786 529 2853 16.
582 2786 672 2855 Post
695 2787 956 2879 Apiosporium
980 2791 1179 2860 inseratur:
1206 2788 1563 2885 (Conisporium
1588 2787 1694 2884 Μ)

230 2915 272 2982 P.
299 2924 334 2998 4.
361 2915 446 2982 Lin.
499 2935 531 2982 a.
582 2915 791 3009 Exosporio
818 2917 926 2986 adde:
953 2915 1206 3014 (Conoplea
1231 2922 1298 3018 P.)

229 3045 272 3114 P.
301 3049 334 3115 5.
363 3047 447 3116 Lin.
479 3068 534 3114 ιο.
585 3046 677 3116 Post
716 3048 997 3139 Sporotriohum
1033 3052 1143 3120 adde:
1194 3050 1375 3146 (Subgen.
1407 3053 1660 3150 Lysisporium
1689 3055 1734 3124 L.
1772 3063 1810 3122 et

256 3235 259 3242 .
625 3178 897 3272 Alytosporium
924 3179 969 3248 L.
996 3180 1139 3249 Comm.
1166 3181 1213 3250 ΙΙ.

229 3308 443 3376 noun.
496 3318 531 3394 t·
560 3309 694 3379 abins.
747 3309 926 3378 crineum
952 3310 996 3379 L.
1032 3310 1141 3380 aeus:
1182 3308 1490 3414 (Psyllorum
1525 3314 1615 3411 Fr.)
1664 3297 1844 3386 uiuam·
1901 3371 1905 3384 ,
1948 3307 1960 3328 ‘

625 3441 688 3508 lin.
717 3441 739 3510 5
765 3441 810 3510 ab
835 3439 900 3508 inl.
928 3439 1071 3532 Rubigo
1098 3441 1142 3509 L.
1169 3442 1280 3512 adde:
1307 3445 1547 3536 (Erineum
1573 3446 1660 3542 Fr.)
1781 3497 1784 3504 ·

170 3547 177 3558 ’
231 3565 272 3632 Ρ.
302 3587 335 3654 7.
362 3566 445 3636 Lin.
497 3592 531 3660 9.
559 3571 693 3640 abins.
744 3573 835 3642 Post
861 3560 1086 3666 Hypochnus
1112 3573 1175 3642 Fr.
1201 3575 1269 3643 ins.
1295 3572 1720 3672 (Hyphasmalleb.)
1817 3585 1818 3590 ’
