4402 5224
1169 321 1201 406 2

389 549 485 622 deae
522 571 666 619 aenou
700 549 893 642 proprio
928 549 1083 618 dietae
1112 547 1281 646 (illilpeh
1316 585 1367 600 -
1400 549 1444 618 in
1488 548 1667 619 dextro
1699 573 1810 624 vero
1841 553 1975 646 illae,

384 682 461 750 ubi
485 679 787 774 propagulum
812 681 935 749 intra
959 677 1048 750 sila
1073 679 1237 752 brevia
1261 675 1976 784 (thecaaL.aacoseeuaacidiaN.abE.)
2023 763 2031 776 ,

383 813 696 906 receptaculis
731 813 946 886 diversae
980 809 1153 881 formae
1191 833 1237 880 ae
1270 813 1560 882 substantiae
1598 817 1898 908 reconditur,
1927 857 1978 872 -

381 946 509 1039 Fungi
534 945 810 1032 (mirmiram).
875 942 931 1010 lta
970 945 1068 1012 enim
1102 941 1247 1034 plantae
1281 945 1528 1016 auceedaneae
1567 943 1667 1038 algis
1701 961 1975 1041 comparantur,

381 1100 539 1174 quarum
564 1075 899 1146 filamentoane
926 1095 1030 1142 ramo
1056 1075 1228 1164 sinistro,
1256 1074 1480 1168 globosae
1506 1087 1628 1146 autem
1654 1079 1788 1150 dextro
1816 1103 1976 1174 reapon-

229 1279 241 1307 ‚
380 1211 480 1282 dent.

480 1338 696 1408 infimum
722 1337 947 1408 ramulum
968 1337 1122 1431 primae
1147 1337 1280 1426 seriei,
1309 1348 1346 1406 et
1370 1337 1512 1430 primae
1537 1339 1683 1432 quidem
1708 1361 1837 1412 eurum
1861 1341 1975 1412 lanai·

378 1473 464 1563 liae,
490 1471 873 1562 -'Coniomycctam
897 1468 1079 1558 Martii,
1106 1469 1415 1560 Protomycorum
1442 1470 1487 1540 N.
1509 1471 1556 1540 ab
1578 1471 1624 1540 E.
1650 1467 1973 1570 (illamentamilpa),

379 1643 430 1660 -
455 1615 635 1697 occupant
664 1603 945 1694 Coniomycetea
970 1601 1194 1696 Entcpliyti‚
1223 1626 1316 1696 quae
1343 1625 1390 1672 ex
1414 1604 1614 1672 anhelantia
1638 1605 1832 1696 vegetabili
1856 1607 1974 1676 aemi-

379 1739 565 1808 destructa
598 1759 640 1806 ac
673 1733 835 1806 difformi
876 1731 1150 1828 (Xylomata
1183 1733 1291 1830 dico)
1336 1735 1538 1828 prodeunt,
1600 1735 1800 1808 substantia
1834 1738 1903 1807 iata
1934 1739 1975 1810 iu

381 1869 548 1960 cellulae,
575 1891 642 1938 ceu
666 1867 845 1942 vesiculae
857 1919 868 1958 ,
897 1889 986 1960 quaa
1011 1867 1175 1962 eporidia
1199 1889 1465 1961 nuncupamur,
1494 1867 1689 1940 dilabente.
1740 1867 1828 1942 Huc
1852 1871 1973 1963 perti-

379 2013 468 2076 nent
492 2001 644 2073 Genera
668 1999 875 2094 sequentia:

677 2131 837 2226 Xylcma
862 2131 906 2200 P.

674 2265 936 2358 Leptoetroma
959 2262 1023 2332 Fr.

677 2395 928 2489 Hypoderma
945 2395 989 2462 B.
1013 2393 1059 2460 B.
1085 2405 1124 2464 et
1147 2393 1236 2466 Dec.

675 2524 914 2620 Phylloaticta
941 2523 983 2592 P.
1010 2521 1079 2592 Ch.

673 2659 845 2752 Depaaea
869 2657 933 2727 Fr.
975 2655 1023 2724 T.
1050 2655 1083 2722 5.
1111 2653 1153 2724 F.
1181 2675 1215 2744 7.

673 2789 858 2863 Actidium
885 2787 948 2858 Fr.
975 2785 1065 2856 Oba.
1093 2785 1122 2856 l.
1149 2785 1196 2854 Τ.
1224 2785 1258 2854 5.
1283 2783 1326 2853 F.
1358 2805 1387 2852 ι.

670 2921 856 2994 Roeatelia
882 2921 927 2990 L.

672 3055 864 3128 Aecidium
890 3053 933 3122 l’.
980 3063 1017 3122 et
1040 3049 1312 3121 Peridermium
1335 3047 1389 3120 L:
1674 3083 1969 3142 mmmm·

672 3186 839 3279 Uatilago
864 3185 911 3254 N.
938 3185 983 3252 ab
1011 3183 1057 3252 E.
1674 3201 1897 3274 mmmm„
1935 3203 1969 3264 ι,

680 3321 817 3392 Uredo
843 3319 888 3388 1..
925 3327 962 3388 at
989 3315 1193 3410 Uromyccr
1219 3315 1264 3384 L.
1709 3323 1818 3380 comm
1837 3323 1878 3382 11.

674 3453 873 3522 Dicaeoma
897 3447 943 3519 N.
971 3451 1017 3520 ab
1043 3447 1088 3520 E.
1117 3439 1621 3545 etPuccirtiaL.Ccrnu1.ll.

675 3583 839 3654 Bullaric
865 3581 956 3652 Dec.

672 3717 847 3787 Puccinia
870 3715 917 3785 N.
945 3715 989 3788 ab
1013 3711 1061 3789 Ε.
1113 3709 1273 3804 Aregma
1297 3707 1361 3780 Fr.

670 3849 869 3920 Podiaoma
894 3845 940 3918 L.

476 3983 603 4054 Genua
629 3981 863 4055 Aecidium
889 3979 1128 4076 Xylomatum
1155 3977 1284 4046 Genua
1311 3985 1419 4068 atque
1447 3968 1693 4064 Uatilaginum
1718 3970 1914 4062 coniungit.

474 4117 803 4210 Leptoatroma
829 4125 885 4187 eat
909 4113 1070 4208 Xyloma
1094 4111 1132 4182 in
1159 4108 1377 4204 corporibus
1402 4103 1664 4198 vegetabilibus
1690 4101 1879 4174 emortuis.

476 4245 816 4342 Phylloatictae
843 4245 1106 4340 Sphaeriarum
1131 4241 1401 4336 epiphyllarum
1426 4239 1546 4332 prima
1571 4235 1842 4328 vertiginum.

473 4381 709 4455 Actidium
734 4391 772 4450 et
806 4379 1013 4472 Depaaea
1037 4387 1123 4448 aunt
1157 4375 1256 4444 inter
1288 4373 1377 4460 hcc,
1406 4367 1526 4466 qualia
1552 4365 1726 4440 Phacidia
1741 4417 1752 4454 ,
1782 4365 1967 4434 eramala

376 4523 545 4582 emortuo
572 4513 880 4606 erumpentia.
