4402 5224
1040 340 1069 444 Ι3

356 579 402 648 In
427 576 636 646 Uredine
666 593 782 666 parva
813 571 952 641 accedit
987 569 1150 662 apicula,
1189 564 1566 660 quaai‘rudimentum
1599 564 1760 636 familiae
1784 592 1849 638 se-

258 713 411 808 quentis.
464 709 509 778 ln
535 705 765 776 Pnccinia
789 705 828 772 in
852 702 1120 794 longitudinem
1144 709 1363 769 extenuatur
1389 711 1426 768 et
1450 701 1576 792 septis,
1604 723 1669 770 seu
1686 700 1844 790 anntslis,

257 841 566 918 transversalibus
594 838 790 927 dividitur,
829 837 869 907 iu
903 832 1206 904 Podisomate
1242 830 1394 902 demum
1418 833 1658 901 stromatis
1683 833 1845 925 primum

256 979 448 1069 vestigium
475 975 647 1044 occurrit.

358 1107 638 1198 Coniomyeetes
661 1103 799 1174 liberos
823 1099 933 1194 paulo
965 1098 1115 1169 altiores
1143 1095 1374 1170 collocandos
1402 1119 1480 1166 esse
1508 1117 1718 1184 censemus,
1747 1095 1846 1188 quod

255 1239 335 1309 sola
360 1237 580 1330 vegetabilis
604 1245 752 1306 mortus
785 1233 1015 1320 inhabitant,
1052 1230 1149 1299 unde
1182 1231 1392 1300 coniunctio
1425 1229 1695 1302 elementorum
1727 1231 1847 1298 minus

255 1371 430 1465 impedita
454 1369 590 1464 prodit.
643 1366 795 1436 Genera
819 1367 871 1434 ita
895 1386 973 1433 sese
998 1373 1215 1456 sequuntur:

551 1498 855 1593 Cryptosporium
882 1495 932 1564 K.
958 1493 1062 1586 Myr.
1089 1493 1143 1562 H.
1172 1491 1218 1560 T.
1252 1513 1281 1560 1.
1308 1491 1349 1560 F.
1381 1513 1411 1559 r.

550 1631 787 1702 Aehitouium
813 1627 863 1698 K.
889 1626 932 1696 Β.
959 1626 999 1696 Ζ.
1033 1627 1141 1718 1819.
1169 1647 1205 1718 p.
1232 1633 1292 1718 49.

549 1763 740 1834 Fusidium
766 1771 804 1830 et
830 1760 1021 1830 Fusarium
1048 1757 1093 1826 L.

548 1895 776 1986 Stilbospora
801 1893 845 1962 P.

548 2025 846 2118 Asterosporium
875 2022 924 2098 K.
951 2023 996 2092 B.
1022 2021 1062 2095 Ζ.
1093 2023 1199 2114 1819.
1226 2044 1261 2112 p.
1291 2017 1374 2084 225.

548 2147 748 2218 Seiridium
772 2143 820 2214 N.
846 2144 892 2214 ab
918 2143 964 2214 E.

546 2279 774 2350 Bactridinm
799 2276 850 2348 K.
876 2276 980 2367 Mye.
1006 2275 1061 2346 H.
1090 2275 1136 2346 T.
1168 2299 1183 2346 1
1214 2277 1255 2348 F.
1284 2300 1318 2348 a.

548 2409 839 2502 Sporidesmium
864 2407 909 2476 Ιι.

546 2539 809 2634 Apiosporiunr
835 2537 885 2608 K.
911 2535 1014 2630 Myr.
1041 2535 1097 2608 H.
1125 2537 1172 2610 T.
1203 2557 1236 2606 1.
1260 2535 1304 2610 F.
1332 2539 1366 2610 5.

547 2673 784 2765 lllosporium
809 2671 863 2740 M.

347 2803 736 2898 Cryptosporium
757 2812 812 2874 est
823 2803 1098 2894 Leptostroma,
1112 2811 1231 2872 totum
1244 2804 1283 2872 in
1302 2803 1465 2896 sporidia
1484 2803 1650 2899 elongata
1667 2805 1837 2878 solutum.

348 2939 391 3006 In
415 2935 667 3008 Achitonio
694 2934 834 3006 Fusidii
859 2935 1022 3027 sporidin
1047 2935 1222 3008 iuvenilia
1238 2936 1341 3029 quasi
1358 2937 1597 3028 reperiuntur
1617 2948 1654 3008 et
1676 2939 1841 3011 nondum

248 3069 577 3162 iniongitudinem
604 3076 802 3136 attenuata.

346 3201 635 3272 Bactridium
679 3209 717 3268 et
761 3195 1092 3290 Apiosporium
1138 3210 1225 3270 sunt
1258 3197 1535 3292 Coniomyoetes
1569 3198 1677 3271 liberi
1709 3202 1839 3292 angio-

246 3335 367 3426 spori,
407 3332 768 3426 Sporidesmium
800 3331 995 3400 transitum
1020 3331 1067 3402 ad
1092 3331 1225 3424 Byssos
1250 3352 1398 3423 asporas
1425 3341 1627 3420 monstrat,
1663 3335 1701 3401 in
1727 3332 1841 3404 llio·

246 3465 370 3555 sporio
396 3465 544 3534 demum
569 3476 697 3534 tenues
723 3463 973 3552 membranae,
1001 3465 1185 3534 stromatis
1210 3463 1426 3556 primordia,
1453 3465 1639 3532 accedunt.

345 3591 583 3664 Remulum
616 3597 810 3666 tertium
855 3595 1133 3688 Coniomycetes
1173 3593 1338 3690 suffulti,
1389 3596 1487 3667 cives
1530 3596 1638 3664 huius
1680 3593 1840 3666 suniliae

244 3725 391 3794 iamiam
430 3723 697 3818 perfectiores,
736 3739 929 3822 occupant.
980 3726 1135 3800 Accedit
1157 3727 1326 3800 assiculis
1350 3751 1434 3820 pars
1460 3726 1532 3798 alia
1556 3727 1751 3820 singularis
1778 3727 1839 3796 di-

94 3883 108 3898 ‘
245 3881 374 3930 uersae
398 3855 567 3950 formae,
604 3885 715 3954 quam
741 3861 932 3932 Stroma
957 3885 1141 3936 vocamus.
1178 3857 1486 3956 (Coniomycetes
1511 3861 1621 3932 liberi
1647 3859 1838 3954 Xylomati

246 3993 349 4086 qussi
373 3991 524 4086 innati.)
574 3991 770 4064 Genera
793 4007 893 4064 sunt:

539 4123 817 4196 Melanoonium
840 4125 884 4194 L.

532 4255 867 4348 ,Didyrnosporium
891 4253 938 4324 N.
965 4255 1010 4326 ab
1037 4255 1081 4324 E.
1229 4235 1233 4244 ⁵

539 4387 765 4480 Epicoecum
791 4385 835 4456 1..
