4412 5226
1165 327 1222 413 10

497 557 821 630 Chaetomium
846 553 897 624 K.
922 553 969 622 ab
995 551 1251 646 Amphitrioho
1278 564 1401 626 ortum
1426 555 1550 646 ducit,
1577 567 1752 630 stromate
1778 561 1876 634 intus
1902 588 1990 659 gra.

397 691 575 784 auligero.
646 689 936 785 Myrothacii
980 688 1163 782 peridium
1204 685 1522 759 furfuraceum
1564 714 1679 786 usque
1719 697 1767 764 ad
1803 695 1991 770 Liceanr

397 825 511 918 magis
546 809 759 916 perficitur3
805 825 845 892 in
882 819 1213 916 Amphisporio
1252 843 1379 914 sporaa
1411 819 1642 911 fusiformes,
1691 851 1785 920 quae
1820 831 1992 904 nucleum

397 975 591 1050 aporarum
629 953 865 1048 globosarunr
906 953 1123 1024 centralium
1160 953 1346 1044 ambiunt,
1400 955 1535 1048 peridii
1574 965 1730 1028 stratum
1762 962 1992 1056 proligerum

397 1087 636 1182 cognoveris5
662 1085 933 1156 Aethalium
959 1086 1116 1181 denique
1141 1088 1298 1170 transitu
1323 1089 1458 1181 excipit
1482 1091 1680 1184 sequentia.

504 1217 736 1286 Trichonisti
760 1219 799 1286 in
833 1217 978 1286 ramulo
1015 1218 1135 1286 altero
1171 1215 1293 1288 forma
1325 1221 1485 1312 regulari
1521 1223 1665 1315 peridio
1690 1219 1807 1292 sessili
1832 1245 1898 1293 seu
1922 1250 1993 1320 pe-

398 1349 596 1422 dunculato
621 1353 726 1424 tario
753 1351 865 1421 modo
891 1351 1141 1443 disrumpente
1174 1361 1212 1422 et
1235 1351 1505 1444 capillitio,
1545 1353 1568 1422 i.
1596 1377 1627 1422 e.
1654 1353 1777 1424 floccis
1803 1357 1993 1450 capillari-

396 1487 489 1574 bus,
520 1486 651 1578 quibus
677 1505 807 1576 sporae
832 1471 1054 1573 afflictarent,
1090 1479 1209 1552 sarcto
1240 1483 1523 1576 distinguuntur.
1582 1483 1665 1554 Alia
1698 1509 1852 1578 genera,
1886 1491 1994 1582 peri-

396 1619 465 1688 diis
490 1619 746 1710 irregulariter
772 1617 1025 1708 rumpentibus
1051 1627 1089 1686 et
1112 1615 1287 1708 capillitio
1317 1617 1511 1688 immutato
1538 1617 1729 1706 distincta,
1765 1617 1992 1691 Triodociats'

397 1749 552 1846 lepidoti
577 1749 747 1820 audiunt:

572 1861 578 1869 '
694 1881 911 1975 Didymium
937 1881 1040 1950 sehr.

695 2013 875 2083 Diderma
899 2013 945 2084 L.

699 2145 872 2215 Cionium
898 2143 943 2213 L.

697 2276 904 2369 Physarurn
929 2275 974 2346 L.

694 2405 909 2498 Leocarpus
936 2407 981 2474 L.

694 2537 898 2630 Leangium
922 2535 968 2606 L.

696 2667 969 2762 Sphaerobolus
996 2665 1116 2736 Tode.
1831 2749 1836 2757 ¹

499 2800 627 2894 Qualis
652 2799 895 2874 Pilobolus
926 2801 1026 2870 inter
1050 2799 1242 2890 Musones,
1285 2797 1368 2868 talia
1402 2797 1749 2892 Sphacrobolus
1783 2801 1881 2870 inter
1907 2799 1991 2870 Ga-

398 2945 671 3030 steromycetes.

498 3065 602 3156 Alia,
638 3069 711 3135 iarn
748 3063 995 3160 perfectiora,
1032 3065 1183 3158 peridiia
1217 3063 1376 3157 gaudent
1413 3061 1632 3154 regulariter
1657 3061 1928 3134 dehiscentibus
1954 3079 1993 3135 et

399 3197 573 3288 capillitio
601 3197 747 3269 elastice
771 3221 811 3269 ae
837 3199 1075 3292 expandente.
1139 3195 1243 3266 Haec
1270 3217 1406 3288 genera
1439 3193 1666 3264 Triodocisti
1691 3194 1892 3266 cancellati
1918 3219 1989 3268 vo-

399 3309 564 3398 eantur?

694 3459 847 3532 'Prichia
871 3459 916 3528 P.

696 3593 852 3687 Arcyria
876 3591 920 3660 P.

698 3724 891 3797 Cribraria
916 3723 1020 3794 Schr.

695 3855 909 3951 Dictydium
934 3856 1039 3926 Schr.

496 3987 540 4058 ln
574 3987 819 4060 iliodori-rtis
843 3988 1036 4059 dissolutis
1061 3985 1210 4056 demum
1241 3979 1458 4077 capillitium
1483 3979 1667 4072 integrum
1693 4001 1715 4048 a
1741 3977 1885 4074 peridio
1911 3977 1990 4047 sol-

400 4118 514 4188 vitur:
980 4189 986 4200 ,
1247 4109 1253 4120 ’

696 4251 910 4324 Stemonitis
935 4249 977 4320 P.

697 4383 908 4455 Craterium
933 4381 1037 4452 Schr.
