4412 5226
675 607 983 703 Dermosporium
1007 614 1054 691 L.

671 741 923 834 Exosporium
949 746 994 815 L.

558 881 560 888 “
671 873 937 968 Sarcopodium
965 877 1058 946 Ehr.
1085 877 1133 950 Τ.
1162 879 1195 950 5.
1223 881 1302 974 Fig.
1330 889 1364 966 4.

664 1005 879 1098 Coryneum
904 1007 950 1078 N.
977 1011 1023 1078 ab
1048 1009 1096 1081 Ε.

667 1135 945 1211 Prosthemium
971 1139 1020 1210 K.
1047 1139 1153 1232 Mys.
1179 1141 1234 1212 H.
1263 1143 1310 1214 Τ.
1342 1165 1372 1212 1.
1399 1145 1441 1216 F.
1473 1165 1528 1216 ιο.
1631 1164 1639 1179 ·

667 1266 864 1338 Periconia
888 1271 931 1340 P.

667 1395 857 1492 Calycium
884 1402 925 1470 P.

669 1527 845 1622 Aegcrita
869 1533 913 1602 P.
994 1567 997 1578 ·

667 1662 939 1734 Tubercularia
966 1665 1009 1736 P.

664 1793 870 1868 Atrectium
896 1797 941 1868 L.

666 1926 1050 2024 Gymnosporangium
1076 1930 1122 2002 L.

469 2051 639 2150 Struma,
680 2063 780 2153 quod
803 2063 842 2130 in
868 2061 1173 2136 Melanconio
1207 2073 1244 2134 et
1270 2060 1635 2161 Didymosporio
1669 2070 1732 2140 rix
1757 2069 1962 2142 observan-

370 2187 479 2277 dum,
516 2212 584 2281 per
620 2213 756 2282 genera
780 2195 971 2286 sequentia
995 2197 1109 2286 magis
1136 2197 1322 2268 evolvitur
1346 2221 1462 2291 usque
1489 2201 1535 2268 ad
1570 2199 1960 2270 Tuberculariam

371 2331 409 2388 et
443 2320 587 2416 reliqua
629 2345 787 2415 genera,
834 2349 927 2418 quac
962 2349 1030 2398 suo
1064 2327 1147 2398 loco
1170 2340 1211 2398 et
1235 2329 1363 2400 colore
1389 2341 1427 2400 et
1461 2341 1646 2400 structura
1671 2333 1844 2424 imagines
1876 2333 1962 2403 for-

367 2473 511 2524 marum
537 2454 648 2523 seriei
673 2451 823 2528 dextrae
849 2455 1001 2548 fingunt.

466 2587 662 2679 Sporidia‚
689 2588 729 2656 in
753 2589 940 2680 prioribus
965 2571 1147 2680 globosaJ
1163 2613 1280 2684 usque
1307 2593 1354 2660 ad
1379 2593 1737 2662 Prosthemium
1762 2593 1960 2686 longitu-

371 2719 481 2788 dine
501 2728 670 2788 crescunt
689 2729 726 2788 et
750 2730 885 2823 septa
906 2722 1112 2812 acquirunt,
1141 2724 1180 2791 in
1201 2722 1464 2812 Periconia,
1493 2723 1712 2818 Calycio‚
1740 2723 1961 2816 Aegerita

372 2861 409 2918 ct
434 2849 779 2920 Tubercularia
804 2853 850 2920 ad
874 2851 1102 2943 sphaericam
1126 2851 1285 2924 formam
1312 2855 1470 2924 redeunt
1486 2865 1524 2925 et
1542 2857 1664 2928 denuo
1688 2858 1728 2925 in
1752 2855 1959 2928 Atrectio

369 2993 407 3051 ct
432 2983 870 3078 Gymnosporangio
896 2995 1153 3056 extenuantur.

465 3115 610 3185 Verum
640 3139 687 3186 ex
724 3117 880 3188 adverso
913 3116 1109 3188 Periconia
1143 3119 1237 3188 hanc
1272 3121 1472 3190 sectionem
1508 3143 1591 3188 cum
1629 3117 1749 3210 Bysais
1776 3119 1958 3210 quodam-

367 3245 478 3316 modo
499 3247 652 3338 iungere
678 3247 836 3320 videtur.
889 3249 966 3318 lam
984 3273 1076 3322 vero
1096 3251 1237 3344 apicula
1260 3251 1324 3318 illa
1347 3254 1386 3320 in
1408 3251 1588 3340 Uredine,
1616 3261 1955 3342 supramemorata,

367 3381 522 3468 crescit,
552 3381 725 3472 expandit
749 3403 849 3470 sese,
877 3383 917 3452 in
940 3405 1063 3455 ramos
1089 3383 1266 3456 dividitur
1300 3384 1529 3476 cingiturque
1562 3381 1704 3450 annulis
1738 3384 1956 3473 conspicuis,

367 3511 513 3580 tandem
539 3511 754 3604 propagula‚
781 3537 847 3582 scu
871 3515 1046 3605 sporidia,
1083 3517 1263 3606 secernit,
1300 3539 1415 3610 quae,
1450 3516 1597 3586 diverso
1623 3514 1734 3584 modo
1759 3511 1829 3582 iilis
1855 3515 1957 3585 varie
2013 3494 2017 3510 ’

366 3643 532 3712 formatis
558 3643 749 3736 imposita,
776 3659 989 3738 sequentem
1016 3670 1169 3739 eamque
1194 3648 1454 3740 amplissimam
1479 3645 1655 3714 familiam
1683 3643 1958 3740 Hypbomyce-

365 3787 444 3844 tum
469 3775 548 3866 M.‚
575 3799 642 3846 seu
667 3775 1024 3870 Nemotomycorum
1050 3777 1097 3848 N.
1123 3781 1168 3849 ab
1195 3780 1241 3850 E.
1269 3780 1512 3876 (ὗαθιηρίίμ)
1538 3780 1776 3847 constituunt.

464 3905 523 3976 Ad
547 3907 730 3976 sinistram
756 3905 838 3997 fila,
880 3933 971 4004 quae
998 3911 1138 3980 'floccos
1172 3935 1445 4004 nuncupamus,
1481 3909 1692 3980 tenuissima
1727 3921 1765 3978 et
1797 3909 1954 4002 fu'gaoia,

366 4035 612 4108 Mucedinum
638 4039 806 4110 ordinem
831 4042 1146 4112 circumscribunt.
1199 4043 1242 4112 In
1280 4043 1445 4112 infimo
1483 4039 1659 4110 ramulo
1697 4042 1802 4112 brevi
1838 4043 1955 4136 spatio

364 4193 580 4260 gemmam
605 4171 713 4242 huius
740 4171 880 4240 ordinis
906 4173 1011 4265 quasi
1035 4175 1260 4267 protrudunt
1279 4175 1502 4248 Mueedines
1528 4173 1684 4268 aspari:

661 4305 794 4400 Byssus
821 4305 866 4374 L.

659 4437 936 4508 Acrotamnium
961 4435 1009 4506 N.
1036 4437 1082 4507 ab
1107 4437 1152 4508 E.

656 4565 963 4662 Asporotrichum
990 4568 1034 4638 L.
